@article{blackardDean,
author = {A. Blackard, Jock and Dean, Denis},
year = {1999},
title = {Comparative Accuracies of Artificial Neural Networks and Discriminant Analysis in Predicting Forest Cover Types from Cartographic Variables},
journal = {Computers and Electronics in Agriculture}
}
@misc{wiki:directionalstats,
    author = {Wikipedia},
    title = {Directional statistics},
    year = {2019},
    note = {Online; accessed July-2019}
  }
@misc{wiki:standardization,
    author = {Wikipedia},
    title = {Feature scaling, Standardization (Z-score Normalization)},
    year = {2019},
    note = {Online; accessed July-2019}
}
@article{smialowski2009,
  title={Pitfalls of supervised feature selection},
  author={Smialowski, Pawel and Frishman, Dmitrij and Kramer, Stefan},
  journal={Bioinformatics},
  volume={26},
  number={3},
  pages={440--443},
  year={2009},
  publisher={Oxford University Press}
}
